%% This BibTeX bibliography file was created using BibDesk.
%% https://bibdesk.sourceforge.io/

%% Created for Sacha Peterson at 2022-04-16 20:10:06 -0700 


%% Saved with string encoding Unicode (UTF-8) 



@article{Tachtler2021Unaccompanied,
	author = {Franziska Tachtler Reem Talhouk Toni Michel Petr Slov{\'a}k Geraldine Fitzpatrick},
	date-added = {2022-04-16 20:06:04 -0700},
	date-modified = {2022-04-16 20:10:06 -0700},
	journal = {ACM},
	title = {Unaccompanied Migrant Youth and Mental Health Technologies: A Social-Ecological Approach to Understanding and Designing},
	year = {2021},
	Bdsk-File-1 = {YnBsaXN0MDDSAQIDBFxyZWxhdGl2ZVBhdGhZYWxpYXNEYXRhXxA9Li4vLi4vQ09NUFMgU291cmNlcy9UYWNodGxlcjIwMjFVbmFjY29tcGFuaWVkTWlncmFudFlvdXRoLnBkZk8RAeAAAAAAAeAAAgAADE1hY2ludG9zaCBIRAAAAAAAAAAAAAAAAAAAAAAAAABCRAAB/////x9UYWNodGxlcjIwMjFVbmFjY28jRkZGRkZGRkYucGRmAAAAAAAAAAAAAAAAAAAAAAAAAAAAAAAAAAAAAAAAAAD/////AAAAAAAAAAAAAAAAAAIAAgAACiBjdQAAAAAAAAAAAAAAAAANQ09NUFMgU291cmNlcwAAAgBVLzpVc2VyczpzYWNoYXBldGVyc29uOkRlc2t0b3A6Q09NUFMgU291cmNlczpUYWNodGxlcjIwMjFVbmFjY29tcGFuaWVkTWlncmFudFlvdXRoLnBkZgAADgBUACkAVABhAGMAaAB0AGwAZQByADIAMAAyADEAVQBuAGEAYwBjAG8AbQBwAGEAbgBpAGUAZABNAGkAZwByAGEAbgB0AFkAbwB1AHQAaAAuAHAAZABmAA8AGgAMAE0AYQBjAGkAbgB0AG8AcwBoACAASABEABIAU1VzZXJzL3NhY2hhcGV0ZXJzb24vRGVza3RvcC9DT01QUyBTb3VyY2VzL1RhY2h0bGVyMjAyMVVuYWNjb21wYW5pZWRNaWdyYW50WW91dGgucGRmAAATAAEvAAAVAAIAFP//AAAACAANABoAJABkAAAAAAAAAgEAAAAAAAAABQAAAAAAAAAAAAAAAAAAAkg=}}

@article{Shrestha2020Here,
	author = {Nischal Shrestha Colton Botta Titus Barik Chris Parnin},
	date-added = {2022-04-13 16:10:27 -0700},
	date-modified = {2022-04-13 16:29:53 -0700},
	journal = {ICSE '20},
	title = {Here We Go Again: Why Is It Difficult for Developers to Learn Another Programming Language?},
	year = {2020},
	Bdsk-File-1 = {YnBsaXN0MDDSAQIDBFxyZWxhdGl2ZVBhdGhZYWxpYXNEYXRhXxAgLi4vLi4vQ09NUFMgU291cmNlcy8xMDEzOTExNi5wZGZPEQFqAAAAAAFqAAIAAAxNYWNpbnRvc2ggSEQAAAAAAAAAAAAAAAAAAAAAAAAAQkQAAf////8MMTAxMzkxMTYucGRmAAAAAAAAAAAAAAAAAAAAAAAAAAAAAAAAAAAAAAAAAAAAAAAAAAAAAAAAAAAAAAAAAAAA/////wAAAAAAAAAAAAAAAAACAAIAAAogY3UAAAAAAAAAAAAAAAAADUNPTVBTIFNvdXJjZXMAAAIAOC86VXNlcnM6c2FjaGFwZXRlcnNvbjpEZXNrdG9wOkNPTVBTIFNvdXJjZXM6MTAxMzkxMTYucGRmAA4AGgAMADEAMAAxADMAOQAxADEANgAuAHAAZABmAA8AGgAMAE0AYQBjAGkAbgB0AG8AcwBoACAASABEABIANlVzZXJzL3NhY2hhcGV0ZXJzb24vRGVza3RvcC9DT01QUyBTb3VyY2VzLzEwMTM5MTE2LnBkZgATAAEvAAAVAAIAFP//AAAACAANABoAJABHAAAAAAAAAgEAAAAAAAAABQAAAAAAAAAAAAAAAAAAAbU=}}

@article{Veerasamy2014Teaching,
	author = {Ashok Kumar Veerasamy, Anna Shillabeer},
	date-added = {2022-04-13 15:03:47 -0700},
	date-modified = {2022-04-13 15:07:41 -0700},
	journal = {RMIT University},
	title = {Teaching English Based Programming Courses to English Language Learners/Non-Native Speakers of English},
	year = {2014},
	Bdsk-File-1 = {YnBsaXN0MDDSAQIDBFxyZWxhdGl2ZVBhdGhZYWxpYXNEYXRhXxAsLi4vLi4vQ09NUFMgU291cmNlcy8wMDQtSUNFTUkyMDE0X0gwMDAwNi5wZGZPEQGaAAAAAAGaAAIAAAxNYWNpbnRvc2ggSEQAAAAAAAAAAAAAAAAAAAAAAAAAQkQAAf////8YMDA0LUlDRU1JMjAxNF9IMDAwMDYucGRmAAAAAAAAAAAAAAAAAAAAAAAAAAAAAAAAAAAAAAAAAAAAAAAAAAAA/////wAAAAAAAAAAAAAAAAACAAIAAAogY3UAAAAAAAAAAAAAAAAADUNPTVBTIFNvdXJjZXMAAAIARC86VXNlcnM6c2FjaGFwZXRlcnNvbjpEZXNrdG9wOkNPTVBTIFNvdXJjZXM6MDA0LUlDRU1JMjAxNF9IMDAwMDYucGRmAA4AMgAYADAAMAA0AC0ASQBDAEUATQBJADIAMAAxADQAXwBIADAAMAAwADAANgAuAHAAZABmAA8AGgAMAE0AYQBjAGkAbgB0AG8AcwBoACAASABEABIAQlVzZXJzL3NhY2hhcGV0ZXJzb24vRGVza3RvcC9DT01QUyBTb3VyY2VzLzAwNC1JQ0VNSTIwMTRfSDAwMDA2LnBkZgATAAEvAAAVAAIAFP//AAAACAANABoAJABTAAAAAAAAAgEAAAAAAAAABQAAAAAAAAAAAAAAAAAAAfE=}}
